@article{computGeometry,
	title = {{Voronoi Diagrams}},
    language = {Englisch},
    publisher = {Elsevier Science B.V.},
    journal = {Handbook of Computational Geometry},
    author = {Franz Aurenhammer and Rolf Klein},
    year = {2000}
}

@book{markhoja,
	title = {{Diplomarbeit: Modelle und Algorithmen zur Konzipierung und Entwicklung von Projektierungstools für WLAN/WiMAX – Funknetze}},
    language = {Deutsch},
    publisher = {Technische Universität Dresden},
    author = {Mark Hoja},
	year = {2006}
}

@book{barycoords,
	title = {{Barycentric Coordinates in Olympiad Geometry}},
    language = {Englisch},
    publisher = {Massachusetts Institute of Technology (MIT)},
    author = {Max Schindler and Evan Chen},
	year = {2012}
}

@techreport{ieeewlan,
	type = {Standard},
	instituation={Institute of Electrical and Electronics Engineers},
	journal={IEEE Std 802.11-2016 (Revision of IEEE Std 802.11-2012)},
	title={{IEEE Standard for Information technology -- Telecommunications and information exchange between systems Local and metropolitan area networks -- Specific requirements - Part 11: Wireless LAN Medium Access Control (MAC) and Physical Layer (PHY) Specifications}},
	year={2016},
    language={Englisch},
	doi={10.1109/IEEESTD.2016.7786995},
	month={Dec}
}

@book{jreich,
	title = {{Wireless LANs: 802.11-WLAN-Technologie und praktische Umsetzung im Detail}},
    language = {Deutsch},
    publisher = {Heise Zeitschriften Verlag},
    author = {Jörg Reich},
	year = {2012}
}