@misc{tns2017,
	title = {{TNS Convergence Monitor 2017}},
    language = {Deutsch},
	url = {https://www.tns-infratest.com/presse/presseinformation.asp?prID=3593},
	urldate = {2018-07-10},
    author = {Kantar TNS},
	month = aug,
	year = {2017}
}

@misc{jdi2015,
	title = {{DeLauney-Triangulator Bibliothek}},
    language = {Englisch},
	url = {https://github.com/jdiemke/delaunay-triangulator},
	urldate = {2018-07-13},
    author = {Johannes Diemke},
	month = jun,
	year = {2018}
}

@misc{google2018,
	title = {{ARCore Overview}},
    language = {Englisch},
	url = {https://developers.google.com/ar/discover/},
	urldate = {2018-07-23},
    author = {{Google Inc.}},
	month = may,
	year = {2018}
}

@misc{cloud2018,
	title = {{Share AR Experiences with Cloud Anchors}},
    language = {Englisch},
	url = {https://developers.google.com/ar/develop/java/cloud-anchors/cloud-anchors-overview-android},
	urldate = {2018-07-23},
    author = {{Google Inc.~}},
	month = may,
	year = {2018}
}

@misc{arcoreconcepts2018,
	title = {{Fundamental Concepts}},
    language = {Englisch},
	url = {https://developers.google.com/ar/discover/concepts},
	urldate = {2018-07-23},
    author = {{Google Inc.~~}},
	month = may,
	year = {2018}
}

@misc{krempelarcoretango,
	title = {{Augmented Reality mit ARCore und ARKit – für alle, überall!}},
    language = {Deutsch},
	url = {https://www.cologne-intelligence.de/blog/detail/show/augmented-reality-mit-arcore-und-arkit-fuer-alle-ueberall/},
	urldate = {2018-07-23},
    author = {Till Krempel},
    year = {2017},
    month = oct
}

@misc{ipwlan,
	title = {{Was ist WLAN?}},
    language = {Deutsch},
	url = {https://www.ip-insider.de/was-ist-wlan-a-579430/},
	urldate = {2018-07-27},
    author = {Michael Radtke},
    year = {2017},
    month = aug
}

@misc{welotec,
	title = {{IEEE 802.11 WLAN Standards im Vergleich}},
    language = {Deutsch},
	url = {https://www.welotec.com/de/wlan-standards-vergleich},
	urldate = {2018-07-27},
    author = {{Welotec GmbH}}
}

@misc{avmnutzdaten,
	title = {{2 Nutzdatenrate der WLAN-Verbindung ermitteln}},
    language = {Deutsch},
	url = {https://avm.de/service/fritzbox/fritzbox-7490/wissensdatenbank/publication/show/514_WLAN-Verbindung-langsam-geringe-Datenrate/},
	urldate = {2018-07-27},
    author = {{AVM GmbH}}
}

@misc{metageek,
	title = {{Understanding WiFi Signal Strength}},
    language = {Englisch},
	url = {https://www.metageek.com/training/resources/wifi-signal-strength-basics.html},
	urldate = {2018-07-30},
    year = {2018},
    author = {{MetaGeek LLC.}}
}

@misc{azrecorder,
	title = {{AZ Screen Recorder - No Root}},
	url = {https://play.google.com/store/apps/details?id=com.hecorat.screenrecorder.free},
	urldate = {2018-08-03},
    year = {2018},
    author = {{Hecorat Global Technology JSC.}}
}

@misc{arsigns,
	title = {{Metaio debuts augmented reality plug-in for Adobe InDesign}},
	url = {https://thenextweb.com/creativity/2014/10/03/metaio-debuts-augmented-reality-plug-adobe-indesign/},
	urldate = {2018-08-06},
    year = {2014},
    author = {Jackie Dove}
}

@misc{exheatmap,
	title = {{8 Wi-Fi mistakes to avoid}},
	url = {https://www.networkworld.com/article/2874197/wi-fi/8-wi-fi-mistakes-to-avoid.html},
	urldate = {2018-08-10},
    year = {2015},
    author = {Eric Geier}
}

@misc{goowifi,
	title = {{Does Google Wifi Support the Round Trip Time (RTT) 802.11mc protocol? (Foreneintrag)}},
	url = {https://productforums.google.com/forum/#!topic/googlewifi/siswi-8oPGs;context-place=topicsearchin/googlewifi/category$3Aapp%7Csort:relevance%7Cspell:false},
	urldate = {2018-08-07},
    year = {2018},
    author = {{Google Productforums}}
}

@misc{pdisp,
	title = {{PermissionsDispatcher API}},
	url = {https://github.com/permissions-dispatcher/PermissionsDispatcher},
	urldate = {2018-08-10},
    year = {2016},
    author = {Shintaro Katafuchi and Marcel Schnelle and Yoshinori Isogai}
}

